<mjloggm ver="2.3"><GO type="97" lobby="0"/><UN n0="%43%72%61%7A%79%42%42%42" n1="%E3%81%8A%E7%B4%BA%E5%A7%90%E3%81%95%E3%82%93" n2="%E3%81%98%E3%83%BC%E3%82%86%E3%83%BC%E3%81%9F" n3="%4B%31%33" dan="14,15,13,15" rate="1996.64,2001.66,1844.69,1973.65" sx="M,F,M,F"/><TAIKYOKU oya="0"/><INIT seed="0,0,0,0,3,19" ten="250,250,250,250" oya="0" hai0="114,48,103,115,108,117,58,6,111,7,97,23,95" hai1="89,122,14,91,129,39,87,40,112,59,124,28,76" hai2="102,9,132,134,53,12,67,63,110,104,118,90,126" hai3="37,68,26,78,16,57,74,42,38,52,50,27,55"/><T113/><D117/><U51/><E122/><V11/><F118/><W116/><G116/><T83/><D83/><U92/><E112/><V128/><F110/><N who="0" m="42026" /><D23/><U43/><E129/><V93/><F128/><W131/><G131/><T84/><D84/><U119/><E119/><V125/><F102/><W96/><G74/><T41/><D58/><U17/><E124/><N who="2" m="47723" /><F104/><W15/><G57/><T24/><D24/><U66/><E39/><V94/><F53/><W13/><G27/><T2/><D2/><U34/><E34/><V135/><F90/><W61/><G37/><T133/><D133/><U107/><E107/><V72/><F72/><W36/><G26/><T62/><D62/><U121/><E121/><V25/><F25/><W44/><G61/><T30/><D30/><U98/><E28/><V81/><F81/><W32/><G38/><T100/><D103/><U70/><E70/><N who="2" m="42367" /><F9/><W77/><G68/><T85/><D85/><U49/><E76/><V130/><F130/><W22/><G77/><T3/><D3/><U105/><E105/><V0/><F0/><W21/><G78/><T82/><D82/><U109/><E109/><V101/><F101/><W120/><G32/><T65/><D65/><U106/><E106/><V88/><F88/><W79/><G79/><T64/><D64/><U46/><E66/><V33/><F33/><W47/><G120/><T127/><D127/><U123/><E123/><V73/><F73/><W1/><G1/><T86/><D86/><U4/><E59/><V54/><F54/><W60/><G55/><T18/><D18/><AGARI ba="0,0" hai="11,12,18,93,94,132,134,135" m="42367,47723" machi="18" ten="40,2600,0" yaku="20,1,18,1" doraHai="19" who="2" fromWho="0" sc="250,-26,250,0,250,26,250,0" /><INIT seed="1,0,0,4,1,84" ten="224,250,276,250" oya="1" hai0="25,49,47,58,61,29,10,63,126,98,60,41,115" hai1="96,38,69,76,117,131,118,73,18,108,81,85,105" hai2="72,78,51,125,91,135,32,77,56,106,53,20,114" hai3="88,65,6,127,107,48,54,46,124,75,133,21,15"/><U59/><E69/><V104/><F32/><W116/><G75/><T9/><D115/><U121/><E38/><V92/><F114/><W64/><G107/><T5/><D126/><N who="3" m="48169" /><G133/><T27/><D10/><U99/><E59/><V132/><F125/><W102/><G102/><T113/><D113/><U66/><E66/><V1/><F1/><W40/><G116/><N who="1" m="44650" /><E18/><V57/><F57/><W101/><G101/><T119/><D119/><U128/><E121/><V34/><F34/><W112/><G112/><T4/><D4/><U52/><E52/><N who="2" m="31775" /><F72/><W37/><G88/><T100/><D29/><U35/><E35/><V19/><F53/><W33/><G33/><T97/><D58/><U89/><E108/><V22/><F104/><W43/><G43/><T62/><D98/><N who="1" m="37419" /><E105/><V55/><F106/><W67/><G37/><T16/><D97/><U12/><E12/><N who="2" m="9319" /><F55/><W3/><G54/><T28/><D100/><U129/><E73/><V24/><F135/><W8/><G67/><T42/><D42/><U95/><E95/><V82/><F82/><W17/><AGARI ba="0,0" hai="3,6,8,15,17,21,40,46,48,64,65" m="48169" machi="17" ten="30,1100,0" yaku="18,1" doraHai="84" who="3" fromWho="3" sc="224,-3,250,-5,276,-3,250,11" /><INIT seed="2,0,0,5,1,105" ten="221,245,273,261" oya="2" hai0="42,35,59,56,100,116,102,58,31,71,86,20,112" hai1="89,99,129,76,49,115,104,101,45,24,106,98,84" hai2="79,47,87,127,33,120,78,110,52,7,50,3,77" hai3="92,13,51,81,18,17,93,1,8,62,131,65,107"/><V0/><F33/><W40/><G107/><T135/><D112/><U103/><E115/><V69/><F120/><W88/><G1/><T66/><D35/><U108/><E129/><V97/><F69/><W6/><G93/><T57/><D116/><U61/><E61/><V54/><F127/><W55/><G40/><T37/><D135/><U63/><E63/><V123/><F123/><W53/><G81/><T25/><N who="0" m="14336" /><DORA hai="75" /><T4/><D4/><U91/><E24/><V41/><F110/><W125/><G131/><T72/><D72/><U26/><E26/><V60/><F60/><W80/><G80/><T64/><D86/><U10/><E10/><V96/><F87/><W133/><G125/><T130/><D130/><U38/><E38/><V34/><F34/><W32/><G32/><T95/><D71/><U74/><E108/><V46/><F0/><W29/><G133/><T82/><D82/><N who="1" m="45335" /><E49/><N who="2" m="26831" /><F3/><W39/><G39/><T90/><D100/><U117/><E45/><N who="2" m="27727" /><F7/><W27/><G6/><T132/><D102/><U109/><E109/><V12/><F12/><W121/><G13/><T67/><D132/><U128/><E128/><V22/><F22/><W48/><G62/><T134/><D134/><U126/><E126/><V9/><F9/><W15/><G8/><T83/><D37/><U114/><E114/><V14/><F14/><W111/><G15/><T122/><D122/><U5/><E5/><V21/><F21/><W118/><G121/><T73/><D64/><U28/><E28/><V16/><F16/><W70/><G65/><T36/><D67/><U119/><E84/><RYUUKYOKU ba="0,0" sc="221,-15,245,15,273,15,261,-15" hai1="89,91,98,99,101,103,104,106,117,119" hai2="47,54,77,78,79,96,97" /><INIT seed="2,1,0,1,2,76" ten="206,260,288,246" oya="2" hai0="3,62,113,108,131,124,119,2,53,84,35,55,44" hai1="102,75,40,12,21,43,101,31,126,45,8,122,59" hai2="103,4,27,98,125,24,57,13,86,9,123,71,128" hai3="116,132,92,34,17,104,78,6,25,15,33,100,112"/><V69/><F123/><W19/><G104/><T5/><D113/><U52/><E122/><V42/><F42/><W26/><G116/><T70/><D119/><U28/><E126/><V105/><F125/><W65/><G112/><T111/><D124/><U120/><E120/><V134/><F128/><W90/><G100/><T72/><D72/><U20/><E75/><V135/><F57/><W10/><G78/><T7/><D35/><U133/><E133/><N who="2" m="50699" /><F86/><W91/><G132/><T66/><D131/><U82/><E45/><V87/><F87/><W16/><G65/><T29/><D29/><N who="1" m="11339" /><E43/><V22/><F27/><W30/><G92/><T97/><D84/><U74/><E74/><V46/><F46/><W106/><G106/><T130/><D130/><U96/><E40/><V80/><F80/><W58/><G30/><AGARI ba="1,0" hai="4,9,13,22,24,30,69,71,98,103,105" m="50699" machi="30" ten="30,1500,0" yaku="20,1" doraHai="76" who="2" fromWho="3" sc="206,0,260,0,288,18,246,-18" /><INIT seed="2,2,0,5,3,78" ten="206,260,306,228" oya="2" hai0="79,63,15,16,56,1,54,118,28,83,38,131,105" hai1="106,32,126,21,50,17,70,42,117,130,35,100,103" hai2="84,18,66,87,65,13,12,52,97,58,30,119,7" hai3="20,73,96,4,93,9,107,124,132,64,57,89,134"/><V53/><F119/><W110/><G107/><T11/><D118/><U49/><E117/><V43/><F30/><W46/><G73/><T114/><D131/><U94/><E130/><V34/><F34/><W135/><G110/><T101/><D38/><U86/><E106/><V125/><F43/><W113/><G124/><T69/><D28/><U31/><E70/><V59/><F125/><W127/><G127/><T68/><D1/><U85/><E126/><V76/><F97/><W123/><G123/><T2/><D2/><U48/><E31/><V14/><F7/><W27/><G113/><T3/><D3/><U47/><E32/><V72/><F72/><W95/><G46/><T26/><D26/><U19/><E35/><V75/><F75/><W0/><G93/><T5/><D5/><U82/><E86/><V55/><F18/><N who="1" m="6665" /><E21/><V51/><F76/><W116/><G116/><T61/><D114/><U108/><E108/><V104/><F104/><W121/><G121/><T23/><D23/><U33/><E33/><V112/><F112/><W44/><G20/><T77/><D77/><N who="1" m="46287" /><E103/><V60/><F55/><W62/><G27/><T71/><D101/><U128/><E128/><V39/><F39/><W24/><G24/><T102/><D102/><U120/><E120/><V6/><F6/><W81/><G44/><T22/><D105/><U41/><E41/><V37/><F37/><W25/><G25/><T91/><D22/><U99/><AGARI ba="2,0" hai="42,47,48,49,50,94,99,100" m="46287,6665" machi="99" ten="30,2000,0" yaku="8,1,52,1" doraHai="78" who="1" fromWho="1" sc="206,-7,260,26,306,-12,228,-7" /><INIT seed="3,0,0,2,3,14" ten="199,286,294,221" oya="3" hai0="73,19,17,126,101,45,40,32,119,110,38,36,90" hai1="117,112,49,86,132,20,108,26,75,130,109,30,88" hai2="77,133,115,128,102,134,83,13,79,99,97,68,67" hai3="78,62,63,111,11,72,43,27,74,51,89,34,100"/><W60/><G100/><T7/><D119/><U106/><E112/><V50/><F115/><W24/><G111/><N who="1" m="42570" /><E75/><N who="2" m="43455" /><F79/><W125/><G125/><T5/><D110/><U96/><E117/><V10/><F128/><W55/><G43/><T81/><D126/><U121/><E121/><V127/><F50/><W71/><G71/><T59/><D32/><U52/><E130/><V42/><F42/><W122/><G122/><T135/><D101/><U61/><E61/><N who="2" m="40047" /><F102/><W57/><G78/><T2/><D59/><N who="1" m="33167" /><E132/><N who="2" m="50795" /><F127/><W118/><G118/><T56/><D135/><U66/><E66/><V64/><F64/><W82/><G57/><T22/><D56/><U131/><E131/><V8/><F8/><W94/><G11/><T18/><D36/><U12/><E12/><V95/><F95/><W69/><G94/><T16/><D2/><U91/><E106/><V92/><F92/><W35/><G69/><T47/><D47/><U1/><E1/><V25/><F25/><W103/><G27/><T114/><D114/><U53/><E53/><V37/><F37/><W3/><G3/><T15/><REACH who="0" step="1"/><D73/><REACH who="0" ten="189,286,294,221" step="2"/><U85/><E96/><V124/><F124/><W113/><G74/><T44/><D44/><U120/><E120/><V93/><F99/><W39/><G113/><T58/><D58/><U21/><E86/><AGARI ba="0,1" hai="5,7,15,16,17,18,19,22,38,40,45,81,86,90" machi="86" ten="40,12000,2" yaku="1,1,52,4,54,1,53,0" doraHai="14" doraHaiUra="54" who="0" fromWho="1" sc="189,130,286,-120,294,0,221,0" owari="319,42.0,166,-33.0,294,9.0,221,-18.0" /></mjloggm>